@article{LionsEtAl2001,
  author  = {Lions, J.-L. and Maday, Yvon and Turinici, Gabriel},
  doi     = {10.1016/S0764-4442(00)01793-6},
  journal = {Comptes Rendus de l'Acad√©mie des Sciences - Series I - Mathematics},
  pages   = {661--668},
  title   = {{A "parareal" in time discretization of {PDE}'s}},
  url     = {http://dx.doi.org/10.1016/S0764-4442(00)01793-6},
  volume  = {332},
  year    = {2001}
}